<?xml version="1.0" encoding="UTF-8"?><collection xmlns="http://www.loc.gov/MARC21/slim"><record><leader>00627nam--2200193-u-4500</leader><controlfield tag="001">000054311</controlfield><controlfield tag="002">20161230</controlfield><controlfield tag="005">20170115225642</controlfield><controlfield tag="008">111114s1000------------r-----000-0-rus-d</controlfield><datafield ind1=" " ind2=" " tag="040"><subfield code="a">IFIN-HH</subfield></datafield><datafield ind1=" " ind2=" " tag="041"><subfield code="a">rus</subfield></datafield><datafield ind1=" " ind2=" " tag="080"><subfield code="a">539.14</subfield></datafield><datafield ind1="1" ind2=" " tag="100"><subfield code="a">Tretiakov, E. F</subfield></datafield><datafield ind1="1" ind2="0" tag="245"><subfield code="a">Multinolnosti perehoda s energiei 341 kev, soprovojdaiusego zahvat teplovih neitronov ti48</subfield><subfield code="b">No 524</subfield><subfield code="c">E.F. Tretiakov, G.V. Danilian, V.S. Pavlov, G.I. Grisuk, V.F. Koniaev</subfield></datafield><datafield ind1=" " ind2=" " tag="260"><subfield code="a">Moskva</subfield><subfield code="b">Institut Teoreticeskoi I Eksperimentalnoi Fiziki</subfield><subfield code="c">1967</subfield></datafield><datafield ind1=" " ind2=" " tag="300"><subfield code="a">16 p</subfield></datafield><datafield ind1="1" ind2=" " tag="700"><subfield code="a">Koniaev, V.F</subfield></datafield><datafield ind1=" " ind2=" " tag="852"><subfield code="a">9072</subfield><subfield code="c">539</subfield></datafield><datafield ind1=" " ind2=" " tag="CAT"><subfield code="a">SYS</subfield><subfield code="c">20170115</subfield><subfield code="h">225642</subfield></datafield></record></collection>